@article{du2018gradient,
  title={Gradient descent finds global minima of deep neural networks},
  author={Du, Simon S and Lee, Jason D and Li, Haochuan and Wang, Liwei and Zhai, Xiyu},
  journal={arXiv preprint arXiv:1811.03804},
  year={2018}
}

@article{allen2018convergence,
  title={A convergence theory for deep learning via over-parameterization},
  author={Allen-Zhu, Zeyuan and Li, Yuanzhi and Song, Zhao},
  journal={arXiv preprint arXiv:1811.03962},
  year={2018}
}
