@inproceedings{liang2015learning,
  title={Learning with square loss: Localization through offset rademacher
         complexity},
  author={Liang, Tengyuan and Rakhlin, Alexander and Sridharan, Karthik},
  booktitle={Conference on Learning Theory},
  pages={1260--1285},
  year={2015}
}

@article{shamir2015sample,
  title={The sample complexity of learning linear predictors with the squared
         loss},
  author={Shamir, Ohad},
  journal={The Journal of Machine Learning Research},
  volume={16},
  number={1},
  pages={3475--3486},
  year={2015},
  publisher={JMLR. org}
}

@article{bartlett2005local,
  title={Local rademacher complexities},
  author={Bartlett, Peter L and Bousquet, Olivier and Mendelson, Shahar and
          others},
  journal={The Annals of Statistics},
  volume={33},
  number={4},
  pages={1497--1537},
  year={2005},
  publisher={Institute of Mathematical Statistics}
}


@inproceedings{mendelson2014learning,
  title={Learning without concentration},
  author={Mendelson, Shahar},
  booktitle={Conference on Learning Theory},
  pages={25--39},
  year={2014}
}
